@misc{IEEE802.11,
  author = {{IEEE Standards Association}},
  title = {Part 11: Wireless LAN Medium Access Control (MAC) and Physical Layer (PHY) Specifications },
  year = 2012
}

@misc{802_overview,
  author = {{IEEE Standards Association}},
  title = {IEEE Standard for Local and
Metropolitan Area Networks:
Overview and Architecture},
  year = 2002
  }